@article{Atwater2016,
abstract = {The average computer user is no longer restricted to one device. They may have several devices and expect their applications to work on all of them. A challenge arises when these applications need the cryptographic private key of the devices' owner. ...},
author = {Atwater, Erinn and Hengartner, Urs},
doi = {10.1145/2939918.2939932},
file = {:Users/mark/Documents/CS 658/Survey/Managing multiple identities/p91-atwater.pdf:pdf},
isbn = {9781450342704},
journal = {WiSec '16: Proceedings of the 9th ACM Conference on Security {\&} Privacy in Wireless and Mobile Networks},
keywords = {Authentication,proximity},
pages = {91--102},
title = {{Shatter: Using Threshold Cryptography to Protect Single Users with Multiple Devices}},
url = {http://dl.acm.org/citation.cfm?id=2939932{\%}5Cnpapers3://publication/doi/10.1145/2939918.2939932},
year = {2016}
}

@article{Kokoris-kogias,
author = {Kokoris-kogias, Eleftherios and Gasser, Linus and Khoffi, Ismail and Jovanovic, Philipp and Gailly, Nicolas and Ford, Bryan},
file = {:Users/mark/Documents/CS 658/Survey/Managing multiple identities/1{\_}Managing{\_}identities{\_}bryan{\_}ford{\_}etc.pdf:pdf},
title = {{Managing Identities Using Blockchains and CoSi}}
}
